%YAML 1.1
%TAG !u! tag:unity3d.com,2011:
--- !u!1001 &100100000
Prefab:
  m_ObjectHideFlags: 1
  serializedVersion: 2
  m_Modification:
    m_TransformParent: {fileID: 0}
    m_Modifications: []
    m_RemovedComponents: []
  m_SourcePrefab: {fileID: 0}
  m_RootGameObject: {fileID: 1116548669160290}
  m_IsPrefabAsset: 1
--- !u!1 &1116548669160290
GameObject:
  m_ObjectHideFlags: 0
  m_CorrespondingSourceObject: {fileID: 0}
  m_PrefabInternal: {fileID: 100100000}
  serializedVersion: 6
  m_Component:
  - component: {fileID: 4943852512492626}
  - component: {fileID: 114046383689367180}
  - component: {fileID: 114817433985934206}
  - component: {fileID: 182747585751997438}
  m_Layer: 0
  m_Name: Wind.Remote.Control
  m_TagString: Untagged
  m_Icon: {fileID: 0}
  m_NavMeshLayer: 0
  m_StaticEditorFlags: 0
  m_IsActive: 1
--- !u!4 &4943852512492626
Transform:
  m_ObjectHideFlags: 1
  m_CorrespondingSourceObject: {fileID: 0}
  m_PrefabInternal: {fileID: 100100000}
  m_GameObject: {fileID: 1116548669160290}
  m_LocalRotation: {x: -0, y: -0, z: -0, w: 1}
  m_LocalPosition: {x: 8.38, y: 0.63, z: -5.49}
  m_LocalScale: {x: 1, y: 1, z: 1}
  m_Children: []
  m_Father: {fileID: 0}
  m_RootOrder: 0
  m_LocalEulerAnglesHint: {x: 0, y: 0, z: 0}
--- !u!114 &114046383689367180
MonoBehaviour:
  m_ObjectHideFlags: 1
  m_CorrespondingSourceObject: {fileID: 0}
  m_PrefabInternal: {fileID: 100100000}
  m_GameObject: {fileID: 1116548669160290}
  m_Enabled: 0
  m_EditorHideFlags: 0
  m_Script: {fileID: 11500000, guid: 72721d14d1420ae4aad768b1f3ca1005, type: 3}
  m_Name: 
  m_EditorClassIdentifier: 
  windStrengthMin: 1
  windStrengthMax: 2
  windTransformPosition: {fileID: 0}
  windTransformRotation: {fileID: 0}
--- !u!114 &114817433985934206
MonoBehaviour:
  m_ObjectHideFlags: 1
  m_CorrespondingSourceObject: {fileID: 0}
  m_PrefabInternal: {fileID: 100100000}
  m_GameObject: {fileID: 1116548669160290}
  m_Enabled: 1
  m_EditorHideFlags: 0
  m_Script: {fileID: 11500000, guid: 1f05970a37ef14f47998b3450cf03bbc, type: 3}
  m_Name: 
  m_EditorClassIdentifier: 
  windStrength: 10
  windTransformPosition: {fileID: 0}
  windTransformRotation: {fileID: 0}
--- !u!182 &182747585751997438
WindZone:
  m_ObjectHideFlags: 1
  m_CorrespondingSourceObject: {fileID: 0}
  m_PrefabInternal: {fileID: 100100000}
  m_GameObject: {fileID: 1116548669160290}
  m_Enabled: 1
  m_Mode: 0
  m_Radius: 20
  m_WindMain: 1
  m_WindTurbulence: 1
  m_WindPulseMagnitude: 0.5
  m_WindPulseFrequency: 0.01
